

% Site
@MISC{short,
  author = {Tobias Oetiker and Hubert Partl and
            Irene Hyna and Elisabeth Schlegl},
  title  = "{The Not So Short Introduction to \LaTeX{}}",
  year   = 2018,
  note   = {[Online] \url{https://tobi.oetiker.ch/lshort/lshort.pdf}. Último acesso a 12 de Março de 2019}
}

@MISC{lopgl,
  author = {Joey De Vries},
  title  = "{LearnOpenGL}",
  year   = 2020,
  note   = {[Online] \url{https://learnopengl.com/}. Último acesso a 4 de Janeiro de 2023}
}

@misc{lopglgithub,
  title = "{JoeyDeVries/LearnOpenGL}",
  author = {Joey De Vries},
  howpublished = {\url{https://github.com/JoeyDeVries/LearnOpenGL}},
  note = {[Online] Último acesso a 4 de Janeiro de 2023}
}

@misc{shadertoy,
  title = "{Shadertoy}",
  howpublished = {\url{https://www.shadertoy.com/}},
  note = {[Online] Último acesso a 4 de Janeiro de 2023}
}

@misc{stbgithub,
  title = "{nothings/stb}",
  howpublished = {\url{https://github.com/nothings/stb}},
  note = {[Online] Último acesso a 4 de Janeiro de 2023}
}

@misc{soloudgithub,
  title = "{soloud}",
  author = {Jari Komppa},
  howpublished = {\url{https://github.com/jarikomppa/soloud}},
  note = {[Online] Último acesso a 4 de Janeiro de 2023}
}

@misc{assimpgithub,
  title = "{assimp}",
  howpublished = {\url{https://github.com/assimp/assimp}},
  note = {[Online] Último acesso a 4 de Janeiro de 2023}
}

@misc{imguigithub,
  title = "{IMGUI}",
  howpublished = {\url{https://github.com/ocornut/imgui}},
  note = {[Online] Último acesso a 4 de Janeiro de 2023}
}
